@article{gretz:wp_semantics,
title = "Operational versus weakest pre-expectation semantics for the probabilistic guarded command language ",
journal = "Performance Evaluation ",
volume = "73",
number = "0",
pages = "110 - 132",
year = "2014",
note = "Special Issue on the 9th International Conference on Quantitative Evaluation of Systems ",
issn = "0166-5316",
doi = "http://dx.doi.org/10.1016/j.peva.2013.11.004",
url = "http://www.sciencedirect.com/science/article/pii/S0166531613001429",
author = "Friedrich Gretz and Joost-Pieter Katoen and Annabelle McIver",
keywords = "Expectation transformer semantics",
keywords = "Operational semantics",
keywords = "Markov decision process",
keywords = "Expected rewards "
},

@Inbook{gretz:prinsys,
author="Gretz, Friedrich
and Katoen, Joost-Pieter
and McIver, Annabelle",
editor="Joshi, Kaustubh
and Siegle, Markus
and Stoelinga, Mari{\"e}lle
and D'Argenio, Pedro R.",
chapter="Prinsys---On a Quest for Probabilistic Loop Invariants",
title="Quantitative Evaluation of Systems: 10th International Conference, QEST 2013, Buenos Aires, Argentina, August 27-30, 2013. Proceedings",
year="2013",
publisher="Springer Berlin Heidelberg",
address="Berlin, Heidelberg",
pages="193--208",
isbn="978-3-642-40196-1",
doi="10.1007/978-3-642-40196-1_17",
url="http://dx.doi.org/10.1007/978-3-642-40196-1_17"
},

@inproceedings{gordon:observe,
 author = {Gordon, Andrew D. and Henzinger, Thomas A. and Nori, Aditya V. and Rajamani, Sriram K.},
 title = {Probabilistic Programming},
 booktitle = {Proceedings of the on Future of Software Engineering},
 series = {FOSE 2014},
 year = {2014},
 isbn = {978-1-4503-2865-4},
 location = {Hyderabad, India},
 pages = {167--181},
 numpages = {15},
 url = {http://doi.acm.org/10.1145/2593882.2593900},
 doi = {10.1145/2593882.2593900},
 acmid = {2593900},
 publisher = {ACM},
 address = {New York, NY, USA},
 keywords = {Machine learning, Probabilistic programming, Program analysis},
},

@article{motwani:randomized,
	title={Randomized algorithms},
	author={Motwani, Rajeev and Raghavan, Prabhakar},
	journal={ACM Computing Surveys (CSUR)},
	volume={28},
	number={1},
	pages={33--37},
	year={1996},
	publisher={ACM}
},

@mastersthesis{clara:pgf,
  title={Probability Generating Function Semantics for Probabilistic Programs},
  author={Scherbaum, Clara},
  school={RWTH Aachen University},
  address={Germany},
  month=SEP,
  year=2015,
  type={{Bachelor's Thesis}}
},

@article{wilf:generatingfunctionology,
	title={generatingfunctionology},
	author={Wilf, Herbert S},
	year={2013},
	publisher={Elsevier}
},

@incollection{denHartog:verifying_prob_progs,
	title={{Verifying probabilistic programs using a Hoare like logic}},
	author={Den Hartog, JI},
	booktitle={Advances in Computing Science—ASIAN’99},
	pages={113--125},
	year={1999},
	publisher={Springer}
},

@article{lassez:kleene_fixed_point,
title = "Fixed point theorems and semantics: a folk tale ",
journal = "Information Processing Letters ",
volume = "14",
number = "3",
pages = "112 - 116",
year = "1982",
note = "",
issn = "0020-0190",
doi = "http://dx.doi.org/10.1016/0020-0190(82)90065-5",
url = "http://www.sciencedirect.com/science/article/pii/0020019082900655",
author = "J.-L. Lassez and V.L. Nguyen and E.A. Sonenberg",
keywords = "Folk theorems",
keywords = "least fixed point theorems "
},

@article{mciver:abstraction_refinement,
	title={Abstraction, refinement and proof for probabilistic systems},
	author={McIver, Annabelle and Morgan, Charles Carroll},
	year={2006},
	publisher={Springer Science \& Business Media}
},

@book{winskel:cpos,
	title={The formal semantics of programming languages: an introduction},
	author={Winskel, Glynn},
	year={1993},
	publisher={MIT press}
},

@incollection{kiefer:equivalent_programs,
	title={On the complexity of the equivalence problem for probabilistic automata},
	author={Kiefer, Stefan and Murawski, Andrzej S and Ouaknine, Jo{\"e}l and Wachter, Bj{\"o}rn and Worrell, James},
	booktitle={Foundations of Software Science and Computational Structures},
	pages={467--481},
	year={2012},
	publisher={Springer}
},

@book{brown:vector_space,
	title={Matrices and Vector Spaces},
	author={Brown, William},
	volume={145},
	year={1991},
	publisher={CRC Press}
},

@Inbook{arbab:coinduction,
author="Arbab, F.
and Rutten, J. J. M. M.",
editor="Wirsing, Martin
and Pattinson, Dirk
and Hennicker, Rolf",
chapter="A Coinductive Calculus of Component Connectors",
title="Recent Trends in Algebraic Development Techniques: 16th International Workshop, WADT 2002, Frauenchiemsee, Germany, September 24-27, 2002, Revised Selected Papers",
year="2003",
publisher="Springer Berlin Heidelberg",
address="Berlin, Heidelberg",
pages="34--55",
isbn="978-3-540-40020-2",
doi="10.1007/978-3-540-40020-2_2",
url="http://dx.doi.org/10.1007/978-3-540-40020-2_2"
}